<record><leader>00000cas a2200000 a 4500</leader><controlfield tag="001">30835373</controlfield><controlfield tag="008">940727d19711992iludn ne      0   a0eng c</controlfield><datafield ind1=" " ind2=" " tag="010"><subfield code="a">sn 94054473 </subfield></datafield><datafield ind1=" " ind2=" " tag="040"><subfield code="a">NVF</subfield><subfield code="b">eng</subfield><subfield code="c">NVF</subfield><subfield code="d">CVF</subfield><subfield code="d">NVF</subfield><subfield code="d">OCLCQ</subfield><subfield code="d">NVF</subfield><subfield code="d">DLC</subfield><subfield code="d">OCLCF</subfield><subfield code="d">OCLCO</subfield></datafield><datafield ind1="1" ind2=" " tag="029"><subfield code="a">AU@</subfield><subfield code="b">000022578092</subfield></datafield><datafield ind1=" " ind2=" " tag="042"><subfield code="a">pcc</subfield></datafield><datafield ind1=" " ind2=" " tag="043"><subfield code="a">n-us-il</subfield></datafield><datafield ind1="0" ind2=" " tag="130"><subfield code="a">Daily journal (Wheaton, Ill. : 1971)</subfield></datafield><datafield ind1="1" ind2="4" tag="245"><subfield code="a">The daily journal.</subfield></datafield><datafield ind1="1" ind2=" " tag="246"><subfield code="i">Sunday issues published as:</subfield><subfield code="a">Sunday journal</subfield><subfield code="f">Jan. 17, 1971-Mar. 10, 1991</subfield></datafield><datafield ind1=" " ind2=" " tag="250"><subfield code="a">Wheaton ed.</subfield></datafield><datafield ind1=" " ind2=" " tag="260"><subfield code="a">Wheaton, Ill. :</subfield><subfield code="b">Copley Press,</subfield><subfield code="c">1971-1992.</subfield></datafield><datafield ind1=" " ind2=" " tag="300"><subfield code="a">v.</subfield></datafield><datafield ind1=" " ind2=" " tag="310"><subfield code="a">Daily (except Sunday),</subfield><subfield code="b">Mar. 11, 1991-1992</subfield></datafield><datafield ind1=" " ind2=" " tag="321"><subfield code="a">Daily (except Saturday),</subfield><subfield code="b">Jan. 15, 1971-May 1, 1987</subfield></datafield><datafield ind1=" " ind2=" " tag="321"><subfield code="a">Daily,</subfield><subfield code="b">May 2, 1987-Mar. 10, 1991</subfield></datafield><datafield ind1="0" ind2=" " tag="362"><subfield code="a">Vol. 39, no. 165 (Jan. 15, 1971)-June 6, 1992.</subfield></datafield><datafield ind1=" " ind2=" " tag="500"><subfield code="a">Issues for May 2, 1987-Oct. 6, 1989 called: Wheaton ed.</subfield></datafield><datafield ind1=" " ind2=" " tag="515"><subfield code="a">Continues the numbering of Wheaton edition of the daily journal.</subfield></datafield><datafield ind1=" " ind2=" " tag="515"><subfield code="a">Sunday issues have their own numbering.</subfield></datafield><datafield ind1=" " ind2="0" tag="651"><subfield code="a">Wheaton (Ill.)</subfield><subfield code="v">Newspapers.</subfield></datafield><datafield ind1=" " ind2="7" tag="655"><subfield code="a">Newspapers.</subfield><subfield code="2">fast</subfield><subfield code="0">(OCoLC)fst01423814</subfield></datafield><datafield ind1=" " ind2="7" tag="651"><subfield code="a">Illinois</subfield><subfield code="z">Wheaton.</subfield><subfield code="2">fast</subfield><subfield code="0">(OCoLC)fst01216595</subfield></datafield><datafield ind1=" " ind2=" " tag="752"><subfield code="a">United States</subfield><subfield code="b">Illinois</subfield><subfield code="c">DuPage</subfield><subfield code="d">Wheaton.</subfield></datafield><datafield ind1="0" ind2="0" tag="780"><subfield code="t">Wheaton edition of the daily journal</subfield><subfield code="w">(DLC)sn 94054472</subfield><subfield code="w">(OCoLC)30835335</subfield></datafield><datafield ind1="0" ind2="0" tag="785"><subfield code="t">Journal (Naperville, Ill.)</subfield><subfield code="x">1070-2032</subfield><subfield code="w">(DLC)sn 92055169</subfield><subfield code="w">(OCoLC)26059950</subfield></datafield></record>